<record><leader>00000cas a22000007a 4500</leader><controlfield tag="001">15148988</controlfield><controlfield tag="008">870204d18861uuutxuuu ne      0    0eng d</controlfield><datafield ind1=" " ind2=" " tag="010"><subfield code="a">sn 86090689 </subfield></datafield><datafield ind1=" " ind2=" " tag="040"><subfield code="a">PPM</subfield><subfield code="b">eng</subfield><subfield code="c">PPM</subfield><subfield code="d">OCLCQ</subfield></datafield><datafield ind1=" " ind2=" " tag="042"><subfield code="a">msc</subfield></datafield><datafield ind1="0" ind2="4" tag="245"><subfield code="a">The Panhandle nester.</subfield></datafield><datafield ind1=" " ind2=" " tag="260"><subfield code="a">Lipscomb, Tex. :</subfield><subfield code="b">Simmons &amp; McDonald</subfield></datafield><datafield ind1="0" ind2=" " tag="362"><subfield code="a">Vol. 1, no. 1 (Dec. 1, 1886)-</subfield></datafield><datafield ind1=" " ind2=" " tag="752"><subfield code="a">United States</subfield><subfield code="b">Texas</subfield><subfield code="c">Lipscomb</subfield><subfield code="d">Lipscomb.</subfield></datafield></record>